<?xml version="1.0" encoding="utf-8"?>
<record xmlns="http://www.loc.gov/MARC21/slim" xmlns:xsi="http://www.w3.org/2001/XMLSchema-instance" xsi:schemaLocation="http://www.loc.gov/MARC21/slim http://www.loc.gov/standards/marcxml/schema/MARC21slim.xsd">
	<leader>     nam a22        4500</leader>
	<controlfield tag="001">2768646</controlfield>
	<controlfield tag="003">NjP</controlfield>
	<controlfield tag="006">m        d        </controlfield>
	<controlfield tag="007">cr cn |||m|||a</controlfield>
	<controlfield tag="008">160519s1948    ua      o     000 0 arard</controlfield>
	<datafield ind1=" " ind2=" " tag="040">
		<subfield code="a">NNU</subfield>
		<subfield code="b">eng</subfield>
		<subfield code="e">rda</subfield>
		<subfield code="c">NNU</subfield>
	</datafield>
	<datafield ind1=" " ind2="4" tag="050">
		<subfield code="a">BC66.A7</subfield>
		<subfield code="b">K337 1948</subfield>
	</datafield>
	<datafield ind1="1" ind2=" " tag="100">
		<subfield code="a">Quṭb al-Taḥtānī, Muḥammad ibn Muḥammad,</subfield>
		<subfield code="d">1294 or 1295-1364 or 1365.</subfield>
	</datafield>
	<datafield ind1="1" ind2="0" tag="245">
		<subfield code="a">Taḥrīr al-qawāʻid al-manṭiqīyah :</subfield>
		<subfield code="b">sharḥ al-Risālah al- Shamsīyah li-Najm al-Dīn ʻUmar ibn ʻAlī al-Qazwīnī al-maʻrūf bi-al- Kātibī /</subfield>
		<subfield code="c">taʼlīf Quṭb al-Dīn Maḥmūd ibn Muḥammad al-Rāzī. Wa-bi- asfal ṣaḥāʼifihi Ḥāshiyah ʻalá Taḥrīr al-qawāʻid al-mantiqīyah / li- ʻAlī ibn Muḥammad al-Jurjānī.</subfield>
	</datafield>
	<datafield ind1="3" ind2=" " tag="246">
		<subfield code="a">Ḥāshiyah ʻalá Taḥrīr al-qawāʻid al-mantiqīyah</subfield>
	</datafield>
	<datafield ind1=" " ind2=" " tag="260">
		<subfield code="a">[Egypt] :</subfield>
		<subfield code="b">[publisher not identified],</subfield>
		<subfield code="c">1948</subfield>
		<subfield code="e">(Miṣr :</subfield>
		<subfield code="f">Maṭbaʻat Muṣṭafá al- Bābī al-Ḥalabī)</subfield>
	</datafield>
	<datafield ind1=" " ind2=" " tag="300">
		<subfield code="a">online resource (172 pages)</subfield>
	</datafield>
	<datafield ind1=" " ind2=" " tag="336">
		<subfield code="a">text</subfield>
		<subfield code="2">rdacontent</subfield>
	</datafield>
	<datafield ind1=" " ind2=" " tag="337">
		<subfield code="a">computer</subfield>
		<subfield code="2">rdamedia</subfield>
	</datafield>
	<datafield ind1=" " ind2=" " tag="338">
		<subfield code="a">online resource</subfield>
		<subfield code="2">rdacarrier</subfield>
	</datafield>
	<datafield ind1=" " ind2=" " tag="500">
		<subfield code="a">Part of the Arabic Collections Online (ACO) project, contributed by Princeton University Libraries.</subfield>
	</datafield>
	<datafield ind1=" " ind2=" " tag="533">
		<subfield code="a">Electronic reproduction.</subfield>
		<subfield code="b">New York, N.Y. :</subfield>
		<subfield code="c">New York University,</subfield>
		<subfield code="d">2016.</subfield>
		<subfield code="5">NNU</subfield>
	</datafield>
	<datafield ind1="1" ind2="0" tag="600">
		<subfield code="a">Qazwīnī, ʻAlī ibn ʻUmar,</subfield>
		<subfield code="d">1203 or 1204-1276 or 1277.</subfield>
		<subfield code="t">Shamsīyah.</subfield>
	</datafield>
	<datafield ind1=" " ind2="0" tag="650">
		<subfield code="a">Logic</subfield>
		<subfield code="v">Early works to 1800.</subfield>
	</datafield>
	<datafield ind1="0" ind2="7" tag="630">
		<subfield code="a">Shamsīyah (Qazwīnī, ʻAlī ibn ʻUmar)</subfield>
		<subfield code="2">fast</subfield>
		<subfield code="0">(OCoLC)fst01916868</subfield>
	</datafield>
	<datafield ind1=" " ind2="7" tag="650">
		<subfield code="a">Logic.</subfield>
		<subfield code="2">fast</subfield>
		<subfield code="0">(OCoLC)fst01002014</subfield>
	</datafield>
	<datafield ind1=" " ind2="7" tag="655">
		<subfield code="a">Early works.</subfield>
		<subfield code="2">fast</subfield>
		<subfield code="0">(OCoLC)fst01411636</subfield>
	</datafield>
	<datafield ind1="1" ind2="2" tag="700">
		<subfield code="a">Jurjānī, ʻAlī ibn Muḥammad,</subfield>
		<subfield code="c">al-Sayyid al-Sharīf,</subfield>
		<subfield code="d">1340-1413.</subfield>
		<subfield code="t">Ḥāshiyah ʻalá Taḥrīr al-qawāʻid al-mantiqīyah.</subfield>
	</datafield>
	<datafield ind1="2" ind2=" " tag="710">
		<subfield code="a">Princeton University.</subfield>
		<subfield code="b">Library.</subfield>
	</datafield>
	<datafield ind1="0" ind2=" " tag="730">
		<subfield code="a">Arabic Collections Online.</subfield>
	</datafield>
	<datafield ind1="0" ind2="8" tag="776">
		<subfield code="i">Print version:</subfield>
		<subfield code="a">Quṭb al-Taḥtānī, Muḥammad ibn Muḥammad, 1294 or 1295-1364 or 1365.</subfield>
		<subfield code="t">Taḥrīr al-qawāʻid al-manṭiqīyah</subfield>
		<subfield code="w">(NjP)2768646</subfield>
		<subfield code="w">(OCoLC)30861222</subfield>
	</datafield>
	<datafield ind1="4" ind2="0" tag="856">
		<subfield code="u">http://hdl.handle.net/2333.1/0k6djmzp</subfield>
	</datafield>
	<datafield ind1=" " ind2=" " tag="959">
		<subfield code="a">NNU</subfield>
		<subfield code="b">WEB</subfield>
		<subfield code="c">GENI</subfield>
		<subfield code="t">0</subfield>
		<subfield code="m">Electronic access</subfield>
		<subfield code="s">01</subfield>
	</datafield>
	<datafield ind1=" " ind2=" " tag="999">
		<subfield code="i">NjP_2768646</subfield>
		<subfield code="o">(OCoLC)ocm30861222 </subfield>
		<subfield code="s">princeton_aco000587</subfield>
		<subfield code="e">(ERROR-880)</subfield>
	</datafield>
</record>
